<record><leader>00000cas a22000001  4500</leader><controlfield tag="001">32278316</controlfield><controlfield tag="007">hd afb016baca</controlfield><controlfield tag="007">hd bfb016baaa</controlfield><controlfield tag="008">950407d19701978nju x n a     0   a0eng c</controlfield><datafield ind1=" " ind2=" " tag="010"><subfield code="a">sn 94085147 </subfield></datafield><datafield ind1=" " ind2=" " tag="040"><subfield code="a">NN</subfield><subfield code="b">eng</subfield><subfield code="c">RQM</subfield><subfield code="d">OCLCQ</subfield><subfield code="d">OCLCF</subfield><subfield code="d">OCLCO</subfield></datafield><datafield ind1=" " ind2=" " tag="012"><subfield code="i">9504</subfield></datafield><datafield ind1="1" ind2=" " tag="029"><subfield code="a">AU@</subfield><subfield code="b">000025372133</subfield></datafield><datafield ind1=" " ind2=" " tag="042"><subfield code="a">pcc</subfield></datafield><datafield ind1=" " ind2=" " tag="043"><subfield code="a">n-us-nj</subfield></datafield><datafield ind1="0" ind2="0" tag="245"><subfield code="a">Periodic Jew</subfield><subfield code="h">[microform].</subfield></datafield><datafield ind1=" " ind2=" " tag="260"><subfield code="a">Newark, N.J.,</subfield><subfield code="b">Jewish Student Services of Metropolitan New Jersey.</subfield></datafield><datafield ind1=" " ind2=" " tag="300"><subfield code="a">6 v.</subfield><subfield code="b">ill.</subfield><subfield code="c">23-45 cm.</subfield></datafield><datafield ind1=" " ind2=" " tag="310"><subfield code="a">Irregular</subfield></datafield><datafield ind1="0" ind2=" " tag="362"><subfield code="a">v. 1-6; Nov. 1970 - Spring 1978.</subfield></datafield><datafield ind1=" " ind2=" " tag="515"><subfield code="a">Issue for Apr. 1974 called v. 4 ; issue for May 1975 called v. 4, no. 1.</subfield></datafield><datafield ind1=" " ind2=" " tag="533"><subfield code="a">Microfilm.</subfield><subfield code="m">v.2,no. 1;v.4,no. 1 (Feb. 1972;May 1975)</subfield><subfield code="b">New York :</subfield><subfield code="c">New York Public Library,</subfield><subfield code="d">1982.</subfield><subfield code="e">1 microfilm reel ; 35 mm.</subfield></datafield><datafield ind1=" " ind2="0" tag="650"><subfield code="a">Jews</subfield><subfield code="z">New Jersey</subfield><subfield code="v">Periodicals.</subfield></datafield><datafield ind1=" " ind2="7" tag="655"><subfield code="a">Periodicals.</subfield><subfield code="2">fast</subfield><subfield code="0">(OCoLC)fst01411641</subfield></datafield><datafield ind1=" " ind2="7" tag="650"><subfield code="a">Jews.</subfield><subfield code="2">fast</subfield><subfield code="0">(OCoLC)fst00983135</subfield></datafield><datafield ind1=" " ind2="7" tag="651"><subfield code="a">New Jersey.</subfield><subfield code="2">fast</subfield><subfield code="0">(OCoLC)fst01208379</subfield></datafield><datafield ind1="1" ind2=" " tag="776"><subfield code="c">Original</subfield><subfield code="w">(OCoLC)6614639</subfield></datafield><datafield ind1=" " ind2=" " tag="850"><subfield code="a">NN</subfield><subfield code="a">NN (master)</subfield></datafield></record>